%% This BibTeX bibliography file was created using BibDesk.
%% http://bibdesk.sourceforge.net/


%% Created for Kenji SATO at 2017-02-22 06:09:52 +0900


%% Saved with string encoding Unicode (UTF-8)



@article{LubikSchorfheide2004,
	Author = {Thomas A. Lubik and Frank Schorfheide},
	Date-Added = {2017-02-21 21:08:25 +0000},
	Date-Modified = {2017-02-21 21:09:52 +0000},
	Journal = {American Economic Review},
	Number = {1},
	Pages = {190--217},
	Title = {Testing for indeterminacy: An application to U.S. monetary policy},
	Volume = {94},
	Year = {2004}}

@book{GVL4,
	Author = {Gene H. Golub and Charles F. {Van Loan}},
	Date-Added = {2016-05-08 00:19:12 +0000},
	Date-Modified = {2016-05-08 00:23:57 +0000},
	Edition = {4th},
	Publisher = {John Hopkins University Press},
	Title = {Matrix Computations},
	Year = {2013}}

@article{Kamihigashi2003,
	Author = {Takashi Kamihigashi},
	Date-Added = {2016-05-04 21:47:02 +0000},
	Date-Modified = {2016-05-04 21:47:53 +0000},
	Journal = {Journal of Economic Theory},
	Pages = {140--149},
	Title = {Necessity of transversality conditions for stochastic problems},
	Volume = {109},
	Year = {2003}}

@article{Kamihigashi2002,
	Author = {Takashi Kamihigashi},
	Date-Added = {2016-05-04 21:45:30 +0000},
	Date-Modified = {2016-05-04 21:46:59 +0000},
	Journal = {Economic Theory},
	Pages = {427--433},
	Title = {A simple proof of the necessity of the transversality condition},
	Volume = {20},
	Year = {2002}}

@article{Berger2012,
	Author = {Thomas Berger and Achim Ilchmann and Stephan Trenn},
	Date-Added = {2016-05-01 12:16:36 +0000},
	Date-Modified = {2016-05-01 12:17:38 +0000},
	Journal = {Linear Algebra and its Applications},
	Pages = {4052--4069},
	Title = {The quasi-Weierstrass form for regular matrix pencils},
	Volume = {436},
	Year = {2012}}

@article{Wong1974,
	Author = {Kai-Tak Wong},
	Date-Added = {2016-04-19 07:45:42 +0000},
	Date-Modified = {2016-04-19 07:46:28 +0000},
	Journal = {Journal of Differential Equations},
	Pages = {270--280},
	Title = {The eigenvalue problem $\lambda Tx + Sx$},
	Volume = {16},
	Year = {1974}}

@article{Lewis1984,
	Author = {Frank L. Lewis},
	Date-Added = {2016-04-19 07:44:11 +0000},
	Date-Modified = {2016-04-19 07:45:18 +0000},
	Journal = {IEEE Transactions on Automatic Control},
	Number = {2},
	Pages = {167--170},
	Title = {Descriptor systems: Decomposition into forward and backward systems},
	Volume = {AC-29},
	Year = {1984}}

@article{BlanchardKahn1980,
	Author = {Olivier Jean Blanchard and Charles M. Kahn},
	Date-Added = {2016-04-06 11:10:29 +0000},
	Date-Modified = {2016-04-06 11:11:19 +0000},
	Journal = {Econometrica},
	Number = {5},
	Pages = {1305--1312},
	Title = {The solution of linear difference models under rational expectations},
	Volume = {48},
	Year = {1980}}

@article{Sims2001,
	Author = {Christopher A. Sims},
	Date-Added = {2016-04-06 11:07:55 +0000},
	Date-Modified = {2016-04-06 11:08:25 +0000},
	Journal = {Computational Economics},
	Pages = {1--20},
	Title = {Solving linear rational expectations models},
	Volume = {20},
	Year = {2001}}

@article{Luenberger1977,
	Author = {David G. Luenberger},
	Date-Added = {2016-04-06 09:12:55 +0000},
	Date-Modified = {2016-04-06 09:13:44 +0000},
	Journal = {IEEE Transactions on Automatic Control},
	Number = {3},
	Pages = {312--321},
	Title = {Dynamic equations in descriptor form},
	Volume = {AC-22},
	Year = {1977}}

@article{LuenbergerArbel1977,
	Author = {David G. Luenberger and Ami Arbel},
	Date-Added = {2016-04-06 09:09:49 +0000},
	Date-Modified = {2016-04-06 09:10:47 +0000},
	Journal = {Econometrica},
	Number = {4},
	Pages = {991--995},
	Title = {Singular dynamic Leontief systems},
	Volume = {45},
	Year = {1977}}

@article{Klein2000,
	Author = {Paul Klein},
	Date-Added = {2016-04-06 09:08:11 +0000},
	Date-Modified = {2016-05-24 20:42:37 +0000},
	Journal = {Journal of Economic Dynamics \& Control},
	Pages = {1405--1423},
	Title = {Using the generalized Schur form to solve a multivariate linear rational expectations model},
	Volume = {24},
	Year = {2000}}

@article{Lewis1986,
	Author = {F. L. Lewis},
	Date-Added = {2016-04-06 09:06:39 +0000},
	Date-Modified = {2016-04-06 09:09:29 +0000},
	Journal = {Circuits Systems Signal Process},
	Number = {6},
	Pages = {3--36},
	Title = {A survey of linear singular systems},
	Volume = {5},
	Year = {1986}}

@book{Katayama1999,
	Author = {片山徹},
	Date-Added = {2016-03-31 04:58:20 +0000},
	Date-Modified = {2016-03-31 04:59:21 +0000},
	Publisher = {近代科学社},
	Title = {線形システムの最適制御---デスクリプタシステム入門},
	Year = {1999}}

@book{Miao2014,
	Author = {Jianjun Miao},
	Date-Added = {2016-03-25 04:53:16 +0000},
	Date-Modified = {2016-03-25 04:54:05 +0000},
	Publisher = {MIT Press},
	Title = {Economic Dynamics in Discrete Time},
	Year = {2014}}

@incollection{Uhlig1995,
	Author = {Harald Uhlig},
	Booktitle = {Computational Methods for the Study of Dynamic Economies},
	Chapter = {3},
	Date-Added = {2016-03-25 04:43:05 +0000},
	Date-Modified = {2016-04-07 23:51:10 +0000},
	Editor = {Ramon Marimon and Andrew Scott},
	Pages = {30--61},
	Publisher = {Oxford University Press},
	Title = {A toolkit for analyzing nonlinear dynamic stochastic models easily},
	Year = {1995}}

@ARTICLE{Santos1991,
 	author = {Manuel S. Santos},
	title = {Smoothness of the policy function in discrete time economic models},
	journal = {Econometrica},
	year = {1991},
	volume = {59},
	pages = {1365--1382}
}


@ARTICLE{LevhariLiviatan1972,
    author = {David Levhari and Nissan Liviatan},
    title = {On stability in the saddle-point sense},
    year = {1972},
    journal = {Journal of Economic Theory},
    volume = {4},
    pages = {88--93}
}
