%% This BibTeX bibliography file was created using BibDesk.
%% http://bibdesk.sourceforge.net/


%% Created for Kenji SATO at 2017-04-01 07:54:26 +0900 


%% Saved with string encoding Unicode (UTF-8) 



@book{Katayama1999,
	Author = {片山徹},
	Date-Added = {2016-03-31 04:58:20 +0000},
	Date-Modified = {2016-03-31 04:59:21 +0000},
	Publisher = {近代科学社},
	Title = {線形システムの最適制御---デスクリプタシステム入門},
	Year = {1999}}
